@Article{Camargo2012,
  author = 	 {A. Camargo and J. Molina and J. Cadena-Torres and N. Jiménez and J. Kim},
  title = 	 {Intelligent systems for the assessment of crop disorders},
  journal = 	 {Computers and Electronics in Agriculture},
  year = 	 2012,
  doi = 	 {10.1016/j.compag.2012.02.017},
  number = 	 85,
  pages = 	 {1-7}}

@Article{ChuangJeger1987,
  author = 	 {T. Chuang and M. Jeger},
  title = 	 {Predicting the Rate of Development of Black Sigatoka (\emph{Mycosphaerella fijiensis var. difformis}) Disease in Southern {T}aiwan},
  journal = 	 {Phytopathology},
  year = 	 1987,
  number = 	 77,
  pages = 	 {1542-1547}}

@Article{Huang2010,
  author = 	 { Y. Huang and Y. Lan and S. Thomson and A. Fang and W. Hoffmann and R. Lacey},
  title = 	 {Development of soft computing and applications in agricultural and biological engineering},
  journal = 	 {Computers and Electronics in Agriculture},
  year = 	 2010,
  doi = 	 {10.1016/j.compag},
  volume = 	 71,
  number = 	 2,
  pages = 	 {107–127}}


@Article{Kim2014,
  author = 	 {Y. Kim and S. Yoo and Y. Gu and J. Lim and D. Han and S. Baik},
  title = 	 {Crop Pests Prediction Method Using Regression and Machine Learning Technology: Survey},
  journal = 	 {IERI Procedia},
  year = 	 2014,
  doi = 	 {10.1016/j.ieri.2014.03.009},
  number = 	 6,
  pages = 	 {52–56}}


